@Article{distill,
	author = {Chris Olah, Alexander Mordvintsev, Ludwig Schubert
	},
	title = {Feature Visualization},
	journal = {Distill},
	year = {2017},
	month = {November},
	website = {10.23915/distill.00007},
}

@Article{resampling,
	author = {Benjamin J. Lengerich, Sandeep Konam, Eric P. Xing, Stephanie Rosenthal, Manuela Veloso},
	title = {Towards Visual Explanations for Convolutional Neural Networks via
		Input Resampling},
	year = {2017},
	month = {16 August},
	arXiv = {arXiv:1707.09641v2},
	
}

@Article{zeiler,
	author = {Matthew D. Zeiler, Rob Fergus},
	title = {Visualizing and Understanding Convolutional Networks},
	year = {2013},
	month = {28 November},
	arXiv = {arXiv:1311.2901v3},
	
}

@Article{cnnvis,
	author = {Bhagyesh Vikani, Sebastien Debia, Javi Ribera, Falak},
}

@Article{bengio,
	author = {Erhan, Dumitru and Bengio, Y and Courville, Aaron and Vincent, Pascal},
	year = {2009},
	month = {01},
	pages = {},
	title = {Visualizing Higher-Layer Features of a Deep Network},
	booktitle = {Technical Report, Universite de Montreal},
}

@article{oxford,
	title = {Learning to Generate Chairs, Tables and Cars with Convolutional Networks},
	author = {Alexey Dosovitskiy, Jost Tobias Springenberg, Maxim Tatarchenko, Thomas Brox},
	year = {2014},
	journal = {IEEE Xplore},
}

@thesis{koman,
	title = {Vision-Based Navigation and Deep-Learning Explanation for Autonomy},
	year = {2017},
	month = {May},
}

@article{kvfrans,
	title = {Visualizing Features from a Convolutional Neural Network},
	
}
